<?xml version='1.0' encoding='UTF-8'?>
<record xmlns="http://www.loc.gov/MARC21/slim">
  <leader>01620cam a2200361 a 4500</leader>
  <controlfield tag="001">838879</controlfield>
  <controlfield tag="003">NjP</controlfield>
  <controlfield tag="005">20171025090140.0</controlfield>
  <controlfield tag="008">931004m19859999ir            100 0 ara d</controlfield>
  <datafield tag="024" ind1="7" ind2=" ">
    <subfield code="a">princeton_aco002683</subfield>
    <subfield code="2">local</subfield>
  </datafield>
  <datafield ind1=" " ind2=" " tag="035">
    <subfield code="a">(OCoLC)ocn176287736</subfield>
  </datafield>
  <datafield ind1=" " ind2=" " tag="040">
    <subfield code="a">NjP</subfield>
    <subfield code="c">PUL</subfield>
    <subfield code="d">PUL</subfield>
  </datafield>
  <datafield ind1=" " ind2=" " tag="035">
    <subfield code="a">(OCoLC)176287736</subfield>
  </datafield>
  <datafield ind1=" " ind2=" " tag="035">
    <subfield code="a">(CStRLIN)NJPG93-B53520</subfield>
  </datafield>
  <datafield ind1=" " ind2=" " tag="035">
    <subfield code="9">AEF2002TS</subfield>
  </datafield>
  <datafield ind1=" " ind2=" " tag="035">
    <subfield code="a">(NjP)838879</subfield>
  </datafield>
  <datafield ind1=" " ind2=" " tag="079">
    <subfield code="a">ocm29037135</subfield>
  </datafield>
  <datafield ind1=" " ind2=" " tag="049">
    <subfield code="a">PULL</subfield>
  </datafield>
  <datafield ind1="2" ind2=" " tag="111">
    <subfield code="6">880-01</subfield>
    <subfield code="a">Muʼtamar al-ʻĀlamī li-Aʼimmat al-Jumʻah wa-al-Jamāʻah</subfield>
    <subfield code="n">(2nd :</subfield>
    <subfield code="d">1984 :</subfield>
    <subfield code="c">Tehran, Iran).</subfield>
  </datafield>
  <datafield ind1="1" ind2="0" tag="245">
    <subfield code="6">880-02</subfield>
    <subfield code="a">Aʻmāl al-muʼtamar :</subfield>
    <subfield code="b">al-jalasāt wa-al-lijān /</subfield>
    <subfield code="c">al-Muʼtamar al-ʻĀlamī al-Thānī li-Aʼimmat al-Jumʻah wa-al-Jamāʻah.</subfield>
  </datafield>
  <datafield ind1=" " ind2=" " tag="250">
    <subfield code="6">880-03</subfield>
    <subfield code="a">al-Ṭabʻah 1.</subfield>
  </datafield>
  <datafield ind1=" " ind2=" " tag="260">
    <subfield code="6">880-04</subfield>
    <subfield code="a">[Tehrān] :</subfield>
    <subfield code="b">al-Muʼtamar,</subfield>
    <subfield code="c">1985-</subfield>
  </datafield>
  <datafield ind1=" " ind2=" " tag="300">
    <subfield code="a">v. ;</subfield>
    <subfield code="c">25 cm.</subfield>
  </datafield>
  <datafield ind1=" " ind2=" " tag="500">
    <subfield code="6">880-05</subfield>
    <subfield code="a">At head of title: Taqārīr al-qism al-thaqāfī.</subfield>
  </datafield>
  <datafield ind1=" " ind2="0" tag="650">
    <subfield code="a">Islam</subfield>
    <subfield code="x">Congresses.</subfield>
    <subfield code="0">http://id.loc.gov/authorities/subjects/sh2008104932</subfield>
  </datafield>
  <datafield ind1="2" ind2=" " tag="880">
    <subfield code="6">111-01/r</subfield>
    <subfield code="a">مؤتمر العالمي لائمة الجمعة والجماعة</subfield>
    <subfield code="n">(2nd :</subfield>
    <subfield code="d">1984 :</subfield>
    <subfield code="c">تهران، اىران).</subfield>
  </datafield>
  <datafield ind1="1" ind2="0" tag="880">
    <subfield code="6">245-02/r</subfield>
    <subfield code="a">اعمال المؤتمر :</subfield>
    <subfield code="b">الجلسات واللجان /</subfield>
    <subfield code="c">المؤتمر العالمي الثاني لائمة الجمعة والجماعة.</subfield>
  </datafield>
  <datafield ind1=" " ind2=" " tag="880">
    <subfield code="6">250-03/r</subfield>
    <subfield code="a">الطبعة 1.</subfield>
  </datafield>
  <datafield ind1=" " ind2=" " tag="880">
    <subfield code="6">260-04/r</subfield>
    <subfield code="a">[تهران] :</subfield>
    <subfield code="b">المؤتمر،</subfield>
    <subfield code="c">1985-</subfield>
  </datafield>
  <datafield ind1=" " ind2=" " tag="880">
    <subfield code="6">500-05/r</subfield>
    <subfield code="a">At head of title: تقارير القسم الثقافي.</subfield>
  </datafield>
  <datafield ind1=" " ind2=" " tag="998">
    <subfield code="a">10/04/93</subfield>
    <subfield code="s">9114</subfield>
    <subfield code="n">NjP</subfield>
    <subfield code="d">10/04/93</subfield>
    <subfield code="c">JEB</subfield>
    <subfield code="b">JEB</subfield>
    <subfield code="i">931004</subfield>
    <subfield code="l">NJPG</subfield>
  </datafield>
  <datafield ind1=" " ind2=" " tag="911">
    <subfield code="a">19931014</subfield>
  </datafield>
  <datafield ind1=" " ind2=" " tag="912">
    <subfield code="a">19931004000000.0</subfield>
  </datafield>
  <datafield ind1=" " ind2=" " tag="994">
    <subfield code="a">C0</subfield>
    <subfield code="b">PUL</subfield>
  </datafield>
  <datafield ind1=" " ind2=" " tag="999">
    <subfield code="a">838879</subfield>
  </datafield>
  <datafield ind1="0" ind2="1" tag="852">
    <subfield code="0">955169</subfield>
    <subfield code="b">rcppa</subfield>
    <subfield code="t">1</subfield>
    <subfield code="h">BP15</subfield>
    <subfield code="i">.M872 1984</subfield>
    <subfield code="x">tr fr arab</subfield>
  </datafield>
  <datafield ind1=" " ind2="0" tag="866">
    <subfield code="0">955169</subfield>
    <subfield code="6">0</subfield>
    <subfield code="a">taqrīr 5</subfield>
  </datafield>
  <datafield ind1=" " ind2=" " tag="959">
    <subfield code="a">2000-06-13 00:00:00 -0500</subfield>
  </datafield>
</record>
